<collection xmlns="http://www.loc.gov/MARC21/slim">
<record>
  <leader>01355nam0a2200265 i 450 </leader>
  <controlfield tag="001">IT\ICCU\CNCE\015653</controlfield>
  <controlfield tag="005">20150728000000.0</controlfield>
  <datafield tag="012" ind1=" " ind2=" ">
    <subfield code="a">e,li X.IO COMA E.a. (C) 1560 (R)</subfield>
    <subfield code="2">fei</subfield>
  </datafield>
  <datafield tag="100" ind1=" " ind2=" ">
    <subfield code="a">19970101d1560        0itac0103    ba</subfield>
  </datafield>
  <datafield tag="101" ind1=" " ind2=" ">
    <subfield code="a">ITA</subfield>
  </datafield>
  <datafield tag="102" ind1=" " ind2=" ">
    <subfield code="a">IT</subfield>
  </datafield>
  <datafield tag="200" ind1="1" ind2=" ">
    <subfield code="a">Priuilegi et gratie concesse da diuersi romani pontefici. Alla venerabile Compagnia de S. Giouanni Decollato, detta della Misericordia della Natione Fiorentina di Roma</subfield>
  </datafield>
  <datafield tag="210" ind1=" " ind2=" ">
    <subfield code="e">In Roma</subfield>
    <subfield code="g">per m. Valerio Dorico</subfield>
    <subfield code="h">nel mese di luglio 1560</subfield>
  </datafield>
  <datafield tag="215" ind1=" " ind2=" ">
    <subfield code="a">\6! c.</subfield>
    <subfield code="d">4ʻ</subfield>
  </datafield>
  <datafield tag="620" ind1=" " ind2=" ">
    <subfield code="a">IT</subfield>
    <subfield code="d">Roma</subfield>
  </datafield>
  <datafield tag="710" ind1="0" ind2="2">
    <subfield code="a">Arciconfraternita di S. Giovanni Decollato dei Fiorentini</subfield>
    <subfield code="c"> &lt;Roma&gt;</subfield>
    <subfield code="3">IT\ICCU\CNCT\004204</subfield>
  </datafield>
  <datafield tag="712" ind1="0" ind2="0">
    <subfield code="a">Dorico, Valerio</subfield>
    <subfield code="3">IT\ICCU\CNCT\001061</subfield>
    <subfield code="4">650</subfield>
  </datafield>
  <datafield tag="791" ind1="0" ind2="2">
    <subfield code="a">Compagnia di S. Giovanni Decollato detta della Misericordia della Nazione Fiorentina</subfield>
    <subfield code="c"> &lt;Roma&gt;</subfield>
    <subfield code="3">IT\ICCU\CNCT\004205</subfield>
    <subfield code="z">Arciconfraternita di S. Giovanni Decollato dei Fiorentini &lt;Roma&gt;</subfield>
  </datafield>
  <datafield tag="791" ind1="0" ind2="0">
    <subfield code="a">Dorichus, Valerius</subfield>
    <subfield code="3">IT\ICCU\CNCT\004721</subfield>
    <subfield code="z">Dorico, Valerio</subfield>
  </datafield>
  <datafield tag="791" ind1="0" ind2="0">
    <subfield code="a">Doricus, Valerius</subfield>
    <subfield code="3">IT\ICCU\CNCT\004723</subfield>
    <subfield code="z">Dorico, Valerio</subfield>
  </datafield>
  <datafield tag="791" ind1="0" ind2="0">
    <subfield code="a">Oricus, Valerius d&apos;</subfield>
    <subfield code="3">IT\ICCU\CNCT\004726</subfield>
    <subfield code="z">Dorico, Valerio</subfield>
  </datafield>
  <datafield tag="801" ind1=" " ind2="3">
    <subfield code="a">IT</subfield>
    <subfield code="b">ICCU</subfield>
    <subfield code="c">20201114</subfield>
  </datafield>
  <datafield tag="899" ind1=" " ind2=" ">
    <subfield code="a">Biblioteca Zelantea. Acireale</subfield>
    <subfield code="1">CT0260</subfield>
    <subfield code="2">CAT ZE</subfield>
  </datafield>
  <datafield tag="899" ind1=" " ind2=" ">
    <subfield code="a">Biblioteca dell&apos;Archivio di Stato di Roma. Roma</subfield>
    <subfield code="1">RM0459</subfield>
    <subfield code="2">RML 12</subfield>
  </datafield>
  <datafield tag="899" ind1=" " ind2=" ">
    <subfield code="a">Biblioteca Hertziana. Roma</subfield>
    <subfield code="1">RM0724</subfield>
    <subfield code="2">ZRM 16</subfield>
  </datafield>
</record>
</collection>
